@ONLINE {api,
    author = "MercadoLibre",
    title  = "API REST de MercadoLibre",
    month  = "jul",
    year   = "2018",
    url    = "http://developers.mercadolibre.com/categories-and-listings/"
}
@ONLINE{data,
    author = "Benjamin Keen",
    title  = "Sitio generador de datos",
    year   = "2018",
    url    = "http://www.generatedata.com/"
}
@BOOK {silberschatz,
    author    = "Abraham Silberschatz",
    title     = "Fundamentos de Bases de Datos",
    publisher = "McGraw-Hill",
    year      = "2002",
    edition   = "Cuarta edición"
}
@BOOK {elmasri,
    author    = "Ramez Elmasri; Shamkant B. Navathe",
    title     = "Fundamentos de Sistemas de Bases de Datos",
    publisher = "Pearson Education",
    year      = "2007",
    edition   = "Quinta edición"
}
